@inproceedings{ambati_naacl,
 author = {Ambati, Vamshi and Vogel, Stephan},
 title = {{Can crowds build parallel corpora for machine translation systems?}},
 booktitle = {Proceedings of the NAACL HLT 2010 Workshop on Creating Speech and Language Data with Amazon's Mechanical Turk},
 year = {2010},
 location = {Los Angeles, California},
 publisher = {Association for Computational Linguistics},
 address = {Stroudsburg, PA, USA},
} 

@InProceedings{ambati_act,
  author    = {Vamshi Ambati and Stephan Vogel and Jaime Carbonell},
  title     = {{Active Learning and Crowd-Sourcing for Machine Translation}},
  booktitle = {{Proceedings of LREC 2010}},
  month     = {May},
  year      = {2010},
  address   = {Malta}
}

@InProceedings{post-callisonburch-osborne:2012:WMT,
  author    = {Post, Matt  and  Callison-Burch, Chris  and  Osborne, Miles},
  title     = {Constructing Parallel Corpora for Six Indian Languages via Crowdsourcing},
  booktitle = {Proceedings of the Seventh Workshop on Statistical Machine Translation},
  month     = {June},
  year      = {2012},
  address   = {Montr{\'e}al, Canada},
  publisher = {Association for Computational Linguistics},
  pages     = {401--409},
  url       = {http://www.aclweb.org/anthology/W12-3152}
}

@Misc{popinet00,
  author =       {Stephane Popinet},
  title =        {{GTS}: {GNU} {Triangulated} {Surface} library},
  howpublished = {\url{http://gts.sourceforge.net/}},
  year = {2000--2004}
}

@Misc{pisa-wp-extractor,
  author =       {Giuseppe Attardi and Antonio Fuschetto},
  title =        {Wikipedia Extractor},
  howpublished = {\url{http://medialab.di.unipi.it/wiki/Wikipedia_Extractor}},
  year = {2009},
}

@misc{angularjs,
  author =        {{AngularJS Team}},
  title =        {{AngularJS}},
  howpublished = {\url{http://angularjs.org}},
  year = {2010},
}

@misc{bootstrap,
  author = {Mark Otto and Jacob Thornton},
  title =  {Bootstrap},
  howpublished = {\url{http://getbootstrap.com/}},
  year = {2011},
}

@misc{flask,
  author = {Armin Ronacher},
  title =  {Flask},
  howpublished = {\url{http://flask.pocoo.org/}},
  year = {2011},
}

@misc{sqlalchemy,
  author = {Michael Bayer},
  title =  {{SQLAlchemy}},
  howpublished = {\url{http://www.sqlalchemy.org/}},
  year = {2011},
}

@misc{angular-translate,
  author = {Pascal Precht},
  title =  {{angular-translate}},
  howpublished = {\url{http://pascalprecht.github.io/angular-translate/}},
  year = {2013},
}

@misc{sqlite,
  author = {D. Richard Hipp},
  title =  {{SQLite}},
  howpublished = {\url{http://www.sqlite.org/}},
  year = {2000},
}

@misc{tatoeba,
  author = {Trang Ho and Allan Simon},
  title =  {{Tatoeba}},
  howpublished = {\url{http://www.tatoeba.org/}},
  year = {2006},
}

@misc{traduwiki,
  author = {Thuan Huynh},
  title =  {{Traduwiki}},
  howpublished = {\url{http://traduwiki.org/}},
  year = {2007},
}

@book{nltkbook, 
  author = {Steven Bird and Ewan Klein and Edward Loper}, 
  title = {{Natural Language Processing with Python}}, 
  publisher = {O'Reilly Media}, 
  year = 2009 
} 
